@article{Lectures,
    title={Лекции по геометрии расстояния Громова–Хаусдорфа},
    author={А. О. Иванов, А. А. Тужилин},
    year={2021-2022}
}

 @article{TuzhBog1,
    title={Gromov–Hausdorff class: its completeness and cloud geometry},
    author={S. A. Bogaty, A. A. Tuzhilin},
    year={2021}
}

 @article{TuzhBog2,
	title={Clouds in Gromov–Hausdorff Class: their
	completeness and centers},
	author={S. I. Bogataya, S. A. Bogatyy, V. V. Redkozubov, A. A. Tuzhilin},
	year={2022}
}

