@article{Lectures,
    title={Лекции по геометрии расстояния Громова–Хаусдорфа},
    author={Иванов, А. О. and Тужилин, А. А.},
    year={2021}
}

 @article{TuzhBog1,
    title={Gromov–Hausdorff class: its completeness and cloud geometry},
    author={Bogaty, S. A. and Tuzhilin, A. A. },
    year={2021}
}

 @article{TuzhBog2,
	title={Clouds in Gromov–Hausdorff Class: their
	completeness and centers},
	author={Bogataya, S. I. and Bogatyy, S. A. and Redkozubov, V. V. Tuzhilin, A. A.},
	year={2022}
}

